
@misc{adaptiveGamification,
	author = "Elena Madalina Jianu,Andrei Vasilateanu",
	title = "Designing of an e-learning system using adaptivity and gamification",
	howpublished = "\url{https://ieeexplore.ieee.org/document/8088270/}"
}

@misc{duolingo, 
	author = " Holly Munson Anton Yu Ananya Rajgarhia AJ Noh",
	title = "Introducing the new Duolingo learning path",
	howpublished = "\url{https://blog.duolingo.com/new-duolingo-home-screen-design/}"
}

