
@misc{adaptiveGamification,
	author = "Elena Madalina Jianu; Andrei Vasilateanu",
	title = "Designing of an e-learning system using adaptivity and gamification",
	howpublished = "\url{https://ieeexplore.ieee.org/document/8088270/}"
}

@misc{duolingo, 
	author = " Holly Munson; Anton Yu; Ananya Rajgarhia; AJ Noh",
	title = "Introducing the new Duolingo learning path",
	howpublished = "\url{https://blog.duolingo.com/new-duolingo-home-screen-design/}"
}

@misc{knewton, 
	author = "Knewton",
	title = "Altaâ€™s adaptive learning technology",
	howpublished = "\url{https://www.knewton.com/the-power-of-altas-adaptive-technology/}"
}

@misc{personalizovana, 
	author = "Luiz Rodrigues; Armando M. Toda; Wilk Oliveira; Paula Toledo Palomino; Julita Vassileva; Seiji Isotani",
	title = "Automating Gamification Personalization to the User and Beyond",
	howpublished = "\url{https://ieeexplore.ieee.org/document/9743207}"
}